@misc{PFGPlots,
    author = {PFGPlots},
    title = {A LaTeX package to create plots.},
	url = {https://pgfplots.sourceforge.net/}
}

@misc{U-Net,
  author    = {Ronneberger, Olaf and Fischer, Philipp and Brox, Thomas},
  title     = {U-Net: Convolutional Networks for Biomedical Image Segmentation},
  booktitle = {Lecture Notes in Computer Science},
  pages     = {234--241},
  year      = {2015},
  doi       = {10.1007/978-3-319-24574-4_28},
}